@inproceedings{Macarenhas2016,
  title={A UTILIZAÇÃO DO “BIG DATA ANALYTICS” NA EDUCAÇÃO},
  author={Leonardo N. Mascarenhas, José Rafael Pilan},
  booktitle={5ª Jornada Científica e Tecnológica da FATEC de Botucatu},
  year={2016},
  organization={FATEC},
  isbn={2318-535X},
}

@book{Amaral2016,
  title={Aprenda Mineração de Dados: Teoria e prática},
  author={Fernando Amaral},
  isbn={9788576089889},
  url={https://books.google.com.br/books?id=qZIgDQAAQBAJ&},
  year={2016},
  publisher={Alta Books Editora}
}


@inproceedings{Silva2014,
    title = {{Fundamentos de Mineração de Dados Educacionais}},
    author = {Leandro A. Silva, Luciano Silva},
    booktitle = {Anais dos Workshops do Congresso Brasileiro de Informática na Educação},
    year = {2014},
    volume = {3},
    number = {1},
    pages = {568--581},
    organization={WCBIE},
    isbn = {2316-8889},
}

@book{Ronaldo2015,
    title = {Data Mining: conceitos, técnica, algoritmos, orientação e aplicações},
    author={Ronaldo Goldschmidt and Emannuel Passos and Eduardo Bezerra},
    isbn={978-853-527-822-4},
    year={2015},
    edition= {2},
    publisher={Elsevier Editora Ltda}
}

@inproceedings{Paiva2012,
    title = {Mineração De Dados E a Gestão Inteligente Da Aprendizagem: Desafios E Direcionamentos},
    author = {Ranilson Paiva and Ig Ibert Bittencourt and Henrique Pacheco and Alan Pedro da Silva and Patrícia Jacques and Seiji Isotani},
    booktitle = {Anais do Workshop de Desafios da Computação Aplicada à Educação},
    year = {2012},
    pages = {158--167},
    organization={DESAFIE},
}

@inproceedings{Seti2018,
    title = {Mineração De Dados e Big Data Na Educação},
    author = {Patricio, Thiago Seti and Magnoni, Maria da Graça Mello },
    booktitle = {Revista Geminis},
    year = {2018},
    volume = {9},
    number = {1},
    pages = {57--75},
    address = {São Carlos},
    organization={UFSCar},
    isbn = {2179-1465},
}

@inproceedings{Coutinho2016,
    title = {MINERAÇÃO DE DADOS EDUCACIONAIS NO ENSINO A DISTÂNCIA GOVERNAMENTAL},
    author = {Vinícius Coutinho G. Coelho and João Paulo C. L. da Costa and Daniel Alves da Silva1 and Rafael T. de Sousa Júnior and Fábio L. L. de Mendonça and Daniel G. Silva1},
    booktitle = {Conferências Ibero - Americanas WWW/Internet},
    year = {2016},
    volume = {1},
    pages = {57--75},
    address = {Lisboa},
    organization={CIAWI},
}

@inproceedings{Simon2017,
    title = {Mineração de Dados Educacionais nos Resultados do ENEM de 2015},
    author = {Augusto Simon and Sílvio César Cazella},
    booktitle = {Anais dos Workshops do VI Congresso Brasileiro de Informática na Educação},
    year = {2017},
    volume = {6},
    number = {1},
    pages = {754},
    organization={WCBIE},
    isbn = {2316-8889},
}

@inproceedings{Kampff2013,
    title = {Mineraçãoo de Dados Educacionais para Geração de Alertas em AVAs como Apoio à Prática Docente},
    author = {Adriana Justin Cerveira Kampff},
    booktitle = {Tese de Doutorado ao Programa de Pós-graduação em Informática na Educação na Universidade Federal do Rio Grande do Sul, Journal of Chemical Information and Modeling},
    year = {2009},
    volume = {53},
    number = {9},
    pages = {1689--1699},
    address = {Porto Alegre},
    organization={UFRGS},
    isbn = {9788578110796}
}

@inproceedings{Costa2012,
    title = {Mineração de Dados Educacionais: Conceitos, Técnicas, Ferramentas e Aplicações},
    author = {Evandro Costa and Ryan S.J.d. Baker and Lucas Amorim, Jonathas Magalhães and Tar- sis Marinho},
    booktitle = {Jornada de Atualização em Informática na Educação},
    year = {2012},
    volume = {1},
    number = {1},
    pages = {1--29},
    address = {Porto Alegre},
    organization={JAIE},
    isbn = {23167734}
}

@inproceedings{Baker2011,
    title = {Mineração de Dados Educacionais: Oportunidades para o Brasil},
    author = {Ryan Shaun Joazeiro de Baker and Seiji Isotani and Adriana Maria Joazeiro Baker de Carvalho},
    booktitle = {Revista Brasileira de Informática na Educação},
    year = {2011},
    volume = {19},
    number = {2},
    pages = {3},
    organization={RBIE},
    isbn = {0360-1315}
}

@inproceedings{Marques2014,
    title = {Mineração de dados educacionais: um estudo de caso utilizando o ambiente virtual do SENAI},
    author = {Joanna Ligia de Queiroz Marques},
    booktitle = {Universidade Estadual da Paraíba},
    year = {2014},
    address = {Campina Grande},
    organization={UEPB},
}

@inproceedings{Barbosa2017,
    title = {Mineração de dados em ambientes virtuais de aprendizagem: aportes para a pesquisa em educação a distância},
    author = {Anabela Aparecida Silva Babosa and Rafael Nink de Carvalho and Fábio Santos Andrade},
    booktitle = {Interface Científicas-Educação},
    year = {2017},
    volume = {6},
    number = {1},
    pages = {125--135},
    isbn = {2316-3828},
}

@inproceedings{Scaico2014,
    title = {O conceito big data na educação},
    author = {Pasqueline Dantas Scaico and Ruy José G. B. de Queiroz and Alexandre Scaico},
    booktitle = {Anais do 20º Workshop de Informática na Escola},
    year = {2014},
    volume = {20},
    number = {1},
    pages = {328--336},
    organization={WIE},
    isbn = {2316-6541},
}

@inproceedings{LeandroSilva2014,
    title = {Prática de Mineração de Dados no Exame Nacional do Ensino Médio},
    author = {Leandro A. Silva and Anderson Hideki Morino and Thiago Massahiro Conti Sato Faculdade},
    booktitle = {Anais dos Workshops do Congresso Brasileiro de Informática na Educação},
    year = {2014},
    volume = {3},
    number = {1},
    pages = {651--660},
    organization={WCBIE},
    isbn = {2316-8889}
}

@inproceedings{Stearns2014,
    title = {Prevendo Desempenho dos Candidatos do ENEM Através de Dados Socioeconômicos},
    author = {Bernardo Stearns and Flavio Rangel and
Fabrício Firmino and Fabio Rangel and Jonice Oliveira},
    booktitle = {Anais do Congresso da Sociedade Brasileira de Computação},
    year = {2014},
    pages = {2522--2530},
    organization={CSBC},
}

@inproceedings{Braga2016,
    title = {Uma abordagem de mineração descritiva aplicada a dados abertos governamentais empregando a ferramenta R},
    author = {Lydia C. C. Braga and Isabela Neves Drummond},
    booktitle = {Anais do Computer on the Beach},
    year = {2016},
    pages = {51--60},
}

@inproceedings{Dantas2008,
    title = {O Uso da Descoberta de Conhecimento em Base de Dados para Apoiar a Tomada de Decisões},
    author = {Eric Rommel G. Dantas and José Carlos Almeida Patrício Júnior and Daniel Silva de Lima and Ryan Ribeiro de Azevedo},
    booktitle = {V Simpósio de Excelencia em Gestão e Tecnologia},
    year = {2008},
    pages = {1--10},
}

@inproceedings{Boente2008,
    title = {Uma metodologia de suporte ao processo de descoberta de conhecimento em bases de dados},
    author = {Boente, Alfredo Nazareno P and Goldschmidt, Ronaldo R and Estrela, Vânia Vieira},
    booktitle = {Anais do V Simposio de Excelencia em Gestão e Tecnologia},
    year = {2008},
    pages = {14},
    organization={SEGet},
}

@inproceedings{Martinhago2005,
    title = {Descoberta De Conhecimento Sobre O Processo Seletivo Da Ufpr},
    author = {Sergio Matinhago},
    booktitle = {Universidade Federal do Paraná},
    year = {2005},
    address = {Curitiba},
    organization={UFPR},
}

@inproceedings{boente2007,
    title = {Utilização de Ferramentas de KDD para Integração de Aprendizagem e Tecnologia em Busca da Gestão Estratégica do Conhecimento na Empresa},
    author = {Boente, Alfredo Nazareno Pereira and Rosa, José Luiz Dos Anjos},
    booktitle = {Simpósio de Excelência em Gestão e Tecnologia Rio de Janeiro},
    year={2007},
    address = {Rio de Janeiro}, 
    organization = {SEGeT},
}

@inproceedings{Fayyad1996,
    title = {From data mining to knowledge discovery in databases},
    author = {Usama Fayyad and Gregory Piatetsky Shapiro and Padhraic Smyth},
    booktitle = {Al Magazine},
    year={1996},
    volume = {17},
    number = {3},
    pages = {37},
}

@inproceedings{Alfredo2008,
    title = {Uma metodologia de suporte ao processo de descoberta de conhecimento em bases de dados},
    author = {Alfredo Nazareno P. Boente and Ronaldo R. Goldschmidt and Vânia Vieira Estrela},
    booktitle = {Anais do V Simposio de Excelencia em Gestão e Tecnologia},
    year={2008},
    volume = {1},
    pages = {4--5},
    organization = {SEGeT},
}

@inproceedings{Isamir2010,
  title={Contribuições das Tecnologias KDD e DW como Ferramentas de Gestão do Conhecimento Aplicadas ao Processo de Compras do Governo Eletrônico},
  author={Isamir Machado de Carvalho and Denise L.C. Muñhoz and Marcus Vinicius A. S. Ferreira and Paloma Maria Santos and Aires José Rover and Francisco Antônio Pereira Fialho},
  booktitle={Revista Democracia Digital e Governo Eletrônico},
  year={2010},
  volume={1},
  number={2},
}

@online{Maciel,
    author = {Thales Vaz Maciel},
    url = {https://www.researchgate.net/Figura-1-Mineracao-de-dados-no-contexto-do-processo-de-descoberta-de-conhecimento_fig1_277896795},
    year = {2018},
    note = {Acessado em: 22 de setembro de 2018}
}

@inproceedings{Garcia2013,
    title = {Sistema de recomendação de produtos utilizando mineração de dados},
    author = {Cássio Alan Garcia and Rejane Frozza},
    booktitle = {Tecno-Lógica},
    year = {2013},
    volume = {17},
    number = {1},
    pages = {78--90},
}  
  
@inproceedings{Cortes2002,
    title = {Mineração de dados-funcionalidades, técnicas e abordagens},
    author = {Sérgio da Costa Cortes and Rosa Maria Porcaro and Sérgio Lifschitz},
    year = {2002},
    organization={PUC},
    isbn = {139.82.16.194},
}

@inproceedings{Rabelo2007,
    title = {Avaliação de técnicas de visualização para mineração de dados},
    author = {Emerson Rabelo},
    booktitle = {Dissertação apresentada ao Programa de Pós-Graduação em Ciência da Computação da Universidade Estadual de Maringá, como requisito parcial para obtenção do grau de Mestre em Ciência da Computação.},
    year = {2007},
    organization = {UEM},
} 

@inproceedings{Camilo2009,
    title = {Mineração de dados: Conceitos, tarefas, meétodos e ferramentas},
    author = {Cássio Oliveira Camilo and João Carlos da Silva},
    booktitle = {Universidade Federal de Goiás},
    year = {2009},
    pages = {1--29},
    organization = {UFC},
}  

@online{JoaoPaulo,
    author = {João Paulo Melo},
    url = {https://joaopaulomelo.wordpress.com/2017/04/13/entendendo-regressao-linear-parte-1/},
    year = {2017},
    note = {Acessado em: 26 de setembro de 2018}
}

@book{Santos2015,
    title = {Preâmbulo [a]" Data mining: descoberta de conhecimento em bases de dados"},
    author={Manuel Filipe Santos and Carla Sousa Azevedo},
    isbn={ 9789727225095},
    year={2005},
    publisher={FCA-Editora de Informática Lda}
}

@inproceedings{Lorena2007,
    title = {Uma introdução à support vector machines},
    author = {Ana Carolina Lorena and André de Carvalho},
    booktitle = {Revista de Informática Teórica e Aplicada},
    year = {2007},
    volume={14},
    number={2},
    pages={43--67},
} 

@inproceedings{Henke2011,
    title = {Aprendizagem de maquina para segurança em redes de computadores: Metodos e aplicações},
    author = {Márcia Henke and Clayton Santos and Eduardo Nunan and Eduardo Feitosa and Eulanda dos Santos and Eduardo Souto},
    booktitle = {Minicursos do XI Simpósio Brasileiro de Seguran{\c{c}}a da Informação e de Sistemas Computacionais},
    year = {2011},
    volume={1},
    pages={53--103},
    organization = {SBSeg},
} 

@inproceedings{Barros2012,
    title = {Avaliação de classificação de tráfego ip baseado em aprendizagem de máquina restrita à arquitetura de serviços diferenciados},
    author = {Michael Taynnan Barros and Reinaldo Cézar de Morais Gomes and Marcelo S. Alencar and Paulo Ribeiro L. Júnior and Anderson Costa},
    booktitle = {Revista de Tecnologia da Informação e Comunicação},
    year = {2012},
    volume= {1},
    number= {2},
    pages={10--19},
} 

@book{Alpaydin2009,
    title = {Introduction to machine learning},
    author={Ethem Alpaydin},
    isbn={978026201243-0},
    year={2009},
    publisher={MIT press}
}

@inproceedings{Souto2003,
    title = {Técnicas de aprendizado de máquina para problemas de biologia molecular},
    author = {M. C. P. de Souto and A. C. Lorena and A. C. B. Delbem and A. C. P. L. F. de Carvalho},
    booktitle = {Sociedade Brasileira de Computação},
    year = {2003},
} 

@book{Rezende2003,
    title = {Sistemas inteligentes: fundamentos e aplicações},
    author={Solange Oliveira Rezende},
    isbn={9788520416839},
    year={2003},
    publisher={Editora Manole Ltda}
}

@inproceedings{Monard2003,
    title = {Conceitos sobre aprendizado de máquina},
    author = {Maria Carolina Monard and José Augusto Baranauskas},
    booktitle = {Sistemas Inteligentes-Fundamentos e Aplicações},
    year = {2003},
    volume= {1},
    number= {1},
    pages={32},
} 

@online{Pedro,
    author = {Pedro Barros},
    url = {https://medium.com/opensanca/aprendizagem-de-maquina-supervisionada-ou-não-supervisionada-7d01f78cd80a},
    year = {2016},
    note = {Acessado em: 10 de outubro de 2018}
}

@online{Sara,
    author = {Sara Filipa},
    url = {https://www.cetax.com.br/blog/0-algoritmos-de-aprendizagem-de-maquina-que-os-engenheiros-precisam-de-conhecer/},
    year = {2016},
    note = {Acessado em: 12 de outubro de 2018}
}

@inproceedings{Carvalho2014,
    title = {Aprendizado de máquina voltado para mineração de dados: árvores de decisão.},
    author = {Hialo Muniz Carvalho},
    booktitle = {Monografia submetida ao curso de graduação em Engenharia de Software da Universidade de Brasília, como requisito parcial para obtenção do Título de Bacharel em Engenharia de Software},
    year = {2014},
    pages = {67},
    address = {Brasília},
    organization={UnB}
}

@online{Jefferson,
    author = {Jefferson Ribeiro de Carvalho},
    url = {https://www.devmedia.com.br/conceitos-e-tecnicas-sobre-data-mining/19342},
    year = {2011},
    note = {Acessado em: 15 de outubro de 2018}
}

@online{Sunil,
    author = {Sunil Ray},
    url = {https://www.vooo.pro/insights/6-passos-faceis-para-aprender-o-algoritmo-naive-bayes-com-o-codigo-em-python/},
    year = {2016},
    note = {Acessado em: 17 de outubro de 2018}
}

@online{Thiago,
    author = {Thiago Gonçalves},
    url = {https://www.voitto.com.br/blog/artigo/teorema-de-bayes},
    year = {2018},
    note = {Acessado em: 17 de outubro de 2018}
}

@inproceedings{Observatory2013,
    title = {Big data: Artificial intelligence},
    author = {B. I. Observatory},
    year = {2013},
    pages = {1-15},
    address = {Netherlands},
}

@inproceedings{Stulp2014,
    title = {Aplicação e avaliação de algoritmos de mineração de dados para localizar padrões em bancos de dados.},
    author = {Guilherme Toldo Stulp},
    booktitle = {Monografia submetida à Universidade Regional do Noroeste do Estado do Rio Grande do Sul, como requisito parcial para a obtenção do certificado de Bacharel em Ciência da Computação, pertencente ao Departamento de Ciências Exatas e Engenharias.},
    year = {2014},
    address = {Rio Grande do Sul},
    organization={UNIJUI}
}

@inproceedings{Librelotto2014,
    title = {Análise dos algoritmos de mineração J48 e apriori aplicados na detecção de indicadores da qualidade de vida e saúde},
    author = {Solange Rubert Librelotto and Patrícia Mariotto Mozzaquatro},
    booktitle = {Revista Interdisciplinar de Ensino, Pesquisa e Extensão},
    year = {2014},
    volume= {1},
    number= {1},
    pages={26--37},
}








  

@book{abe2002introducao,
  title={Introducao a Logica Para a Ciencia Da Computacao},
  author={Abe, J.M.},
  isbn={9788574730455},
  url={https://books.google.com.br/books?id=AgBJdjoNPwUC},
  year={2002},
  publisher={Arte \& Ci{\^e}ncia}
}

@book{aho2007compilers,
  title={Compilers: principles, techniques, and tools},
  author={Aho, Alfred V and Sethi, Ravi and Ullman, Jeffrey D},
  volume={2},
  year={2007},
  publisher={Addison-wesley Reading}
}

@inproceedings{allen1970control,
  title={Control flow analysis},
  author={Allen, Frances E},
  booktitle={ACM Sigplan Notices},
  volume={5},
  number={7},
  pages={1--19},
  year={1970},
  organization={ACM}
}

@online{B.V,
author = {B.V},
url = {http://www.sciencedirect.com/},
year = {2018},
note = {Acessado em 1 de março de 2018}
}

@article{basili1994experience,
  title={Experience factory},
  author={Basili, Victor R and Caldiera, Gianluigi and Rombach, H Dieter},
  journal={Encyclopedia of software engineering},
  year={1994},
  publisher={Wiley Online Library}
}

@book{baier2008principles,
  title={Principles of model checking},
  author={Baier, Christel and Katoen, Joost-Pieter and Larsen, Kim Guldstrand},
  year={2008},
  publisher={MIT press}
}

@inproceedings{bara2010formal,
  title={Formal Verification of Timed VHDL Programs.},
  author={Bara, Abdelrezzak and Bazargan-Sabet, Pirouz and Chevallier, Remy and Ledu, Dominique and Encrenaz, Emmanuelle and Renault, Patricia},
  booktitle={FDL},
  pages={80--85},
  year={2010},
  organization={IET}
}

@article{bensalem1999automatic,
  title={Automatic generation of invariants},
  author={Bensalem, Saddek and Lakhnech, Yassine},
  journal={Formal Methods in System Design},
  volume={15},
  number={1},
  pages={75--92},
  year={1999},
  publisher={Springer}
}

@article{biere2016aiger,
  title={The AIGER and-inverter graph (AIG) format},
  author={Biere, Armin},
  journal={Available at http://fmv.jku.at/aiger},
  year={2016}
}

@article{biolchini2005systematic,
  title={Systematic review in software engineering},
  author={Biolchini, Jorge and Mian, Paula Gomes and Natali, Ana Candida Cruz and Travassos, Guilherme Horta},
  journal={System Engineering and Computer Science Department COPPE/UFRJ, Technical Report ES},
  volume={679},
  number={05},
  pages={45},
  year={2005}
}

@inproceedings{brayton2010abc,
  title={ABC: An academic industrial-strength verification tool},
  author={Brayton, Robert and Mishchenko, Alan},
  booktitle={Computer Aided Verification},
  pages={24--40},
  year={2010},
  organization={Springer}
}

@inproceedings{boule2007efficient,
  title={Efficient automata-based assertion-checker synthesis of seres for hardware emulation},
  author={Boule, Marc and Zilic, Zeljko},
  booktitle={Proceedings of the 2007 Asia and South Pacific Design Automation Conference},
  pages={324--329},
  year={2007},
  organization={IEEE Computer Society}
}

@inproceedings{boule2005incorporating,
  title={Incorporating efficient assertion checkers into hardware emulation},
  author={Boule, Marc and Zilic, Zeljko},
  booktitle={Computer Design: VLSI in Computers and Processors, 2005. ICCD 2005. Proceedings. 2005 IEEE International Conference on},
  pages={221--228},
  year={2005},
  organization={IEEE}
}

@article{cabodi2016hardware,
  title={Hardware model checking competition 2014: an analysis and comparison of solvers and benchmarks},
  author={Cabodi, Gianpiero and Loiacono, Carmelo and Palena, Marco and Pasini, Paolo and Patti, Denis and Quer, Stefano and Vendraminetto, Danilo and Biere, Armin and Heljanko, Keijo},
  journal={Journal on Satisfiability, Boolean Modeling and Computation},
  volume={9},
  pages={135--172},
  year={2016}
}

@article{clarke1994model,
  title={Model checking and abstraction},
  author={Clarke, Edmund M and Grumberg, Orna and Long, David E},
  journal={ACM transactions on Programming Languages and Systems (TOPLAS)},
  volume={16},
  number={5},
  pages={1512--1542},
  year={1994},
  publisher={ACM}
}

@incollection{clarke2008birth,
  title={The birth of model checking},
  author={Clarke, Edmund M},
  booktitle={25 Years of Model Checking},
  pages={1--26},
  year={2008},
  publisher={Springer}
}

@inproceedings{clarke2003verification,
  title={Verification of hybrid systems based on counterexample-guided abstraction refinement},
  author={Clarke, Edmund and Fehnker, Ansgar and Han, Zhi and Krogh, Bruce and Stursberg, Olaf and Theobald, Michael},
  booktitle={TACAS},
  volume={3},
  pages={192--207},
  year={2003},
  organization={Springer}
}

@book{cappelattipraticando,
  title={Praticando VHDL},
  author={Cappelatti, D.L.T.E.A.},
  isbn={9788577171200},
  year={2010},
  url={https://books.google.com.br/books?id=z4\_CYog\_UskC},
  publisher={Editora Feevale}
}

@article{christen1999vhdl,
  title={VHDL-AMS-a hardware description language for analog and mixed-signal applications},
  author={Christen, Ernst and Bakalar, Kenneth},
  journal={IEEE Transactions on Circuits and Systems II: Analog and Digital Signal Processing},
  volume={46},
  number={10},
  pages={1263--1272},
  year={1999},
  publisher={IEEE}
}

@book{chu2006rtl,
  title={RTL hardware design using VHDL: coding for efficiency, portability, and scalability},
  author={Chu, Pong P},
  year={2006},
  publisher={John Wiley \& Sons}
}

@article{cordeiro2012smt,
  title={SMT-based bounded model checking for embedded ANSI-C software},
  author={Cordeiro, Lucas and Fischer, Bernd and Marques-Silva, Joao},
  journal={IEEE Transactions on Software Engineering},
  volume={38},
  number={4},
  pages={957--974},
  year={2012},
  publisher={IEEE}
}

@misc{cousot2010gentle,
  title={A gentle introduction to formal verification of computer systems by abstract interpretation},
  author={Cousot, Patrick and Cousot, Radhia},
  year={2010},
  publisher={IOS Press}
}

@INPROCEEDINGS{DahanCombining, 
author={A. Dahan and D. Geist and L. Gluhovsky and D. Pidan and G. Shapir and Y. Wolfsthal and L. Benalycherif and R. Kamidem and Y. Lahbib}, 
booktitle={Sixth international symposium on quality electronic design (isqed'05)}, 
title={Combining system level modeling with assertion based verification}, 
year={2005}, 
volume={}, 
number={}, 
pages={310-315}, 
keywords={C++ language;electronic design automation;hardware description languages;integrated circuit design;integrated circuit modelling;system-on-chip;C++;RTL code;SoC;SystemC;VHDL;Verilog;assertion based verification;concurrent language constructs;hardware functional verification;system level modeling;system-on-chip;temporal assertions;Design engineering;Gas insulated transmission lines;Hardware design languages;Libraries;Microelectronics;Natural languages;Power engineering and energy;Registers;Sugar industry;Writing}, 
doi={10.1109/ISQED.2005.32}, 
ISSN={1948-3287}, 
month={March},
}

@inproceedings{di2012use,
  title={On the use of assertions for embedded-software dynamic verification},
  author={Di Guglielmo, Giuseppe and Di Guglielmo, Luigi and Fummi, Franco and Pravadelli, Graziano},
  booktitle={Design and Diagnostics of Electronic Circuits \& Systems (DDECS), 2012 IEEE 15th International Symposium on},
  pages={330--335},
  year={2012},
  organization={IEEE}
}

@article{d2008survey,
  title={A survey of automated techniques for formal software verification},
  author={D'silva, Vijay and Kroening, Daniel and Weissenbacher, Georg},
  journal={IEEE Transactions on Computer-Aided Design of Integrated Circuits and Systems},
  volume={27},
  number={7},
  pages={1165--1178},
  year={2008},
  publisher={IEEE}
}

@online{Elsevier,
author = {Elsevier},
url = {https://www.elsevier.com/__data/assets/pdf_file/0007/69451/0597-Scopus-Content-Coverage-Guide-US-LETTER-v4-HI-singles-no-ticks.pdf},
year = {2017},
note = {Acessado em: 01 março 2018}
}

@inproceedings{gupta1992formal,
  title={Formal hardware verification methods: A survey},
  author={Gupta, Aarti},
  booktitle={Computer-Aided Verification},
  pages={5--92},
  year={1992},
  organization={Springer}
}

@online{g1Acidente,
	author={G1},
	title={Acidente foi provocado por falha em circuito eletrônico, diz secretário},
    year={2012},
    url={http://g1.globo.com/sao-paulo/noticia/2012/05/acidente-foi-provocado-por-falha-em-circuito-eletronico-diz-secretario.html},
    urldate={2017-01-16}
}

@misc{esbmc,
	title={ESBMC (Efficient SMT-Based Context-Bounded Model Checker)},
    howpublished = {http://esbmc.org/},
    note = {Accessed: 2018-01-16}
}

@article{halder2006,
  title={A study of petri nets modeling analysis and simulation},
  author={Halder, A and Venkateswarlu, A},
  journal={Department of Aerospace Engineering Indian Institute of Technology Kharagpur, India},
  year={2006}
}

@article{hoder2010interpolation,
  title={Interpolation and symbol elimination in vampire},
  author={Hoder, Kry{\v{s}}tof and Kov{\'a}cs, Laura and Voronkov, Andrei},
  journal={Automated Reasoning},
  pages={188--195},
  year={2010},
  publisher={Springer}
}

@article{hoder2011case,
  title={Case studies on invariant generation using a saturation theorem prover},
  author={Hoder, Kry{\v{s}}tof and Kov{\'a}cs, Laura and Voronkov, Andrei},
  journal={Advances in Artificial Intelligence},
  pages={1--15},
  year={2011},
  publisher={Springer}
}

@book{idoeta1982elementos,
  title={Elementos de eletr{\^o}nica digital},
  author={Idoeta, Ivan Valeije and Capuano, Francisco Gabriel},
  year={1982},
  publisher={Livros Erica}
}

@online{IEEE,
author = {IEEE},
url = {http://ieeexplore.ieee.org/Xplore/home.jsp},
year = {2018},
note = {Acessado em: 1 de março de 2018}
}

@article{IEEEVHDLLanguage, 
journal={IEC 61691-1-1:2011(E) IEEE Std 1076-2008}, 
title={IEC/IEEE International Standard - Behavioural languages - Part 1-1: VHDL Language Reference Manual}, 
year={2011},  
pages={1-648}, 
keywords={Behavioral science;Computer languages;Electronics packaging;Hardware design languages;IEC Standards;IEEE Standards;VHDL;computer languages;electronic systems;hardware;hardware design}, 
doi={10.1109/IEEESTD.2011.5967868}, 
month={May}
}

@ARTICLE{IEEEVerilogLanguage,
journal={IEEE Std 1364-2005 (Revision of IEEE Std 1364-2001)}, 
title={IEEE Standard for Verilog Hardware Description Language}, 
year={2006}, 
pages={1-560}, 
doi={10.1109/IEEESTD.2006.99495}}

@ARTICLE{IEEEPSL, 
journal={IEEE Std 1850-2010 (Revision of IEEE Std 1850-2005)}, 
title={IEEE Standard for Property Specification Language (PSL)}, 
year={2010}, 
pages={1-182}, 
keywords={IEEE standards;formal languages;formal specification;formal verification;specification languages;IEEE Std 1076¿¿;IEEE Std 1354;IEEE Std 1666¿¿;IEEE Std 1800¿¿;IEEE property specification language;SystemC¿¿;SystemVerilog¿¿;VHDL¿¿;Verilog¿¿;electronic system design;electronic system specification;formal analysis;formal specification verification;formal verification flow;mixedlanguage designs;multilanguage designs;IEEE standards;Specification languages;1850-2010;ABV;PSL;assertion;assertion-based verification;assumption;cover;model checking;property;specification;temporal logic;verification}, 
doi={10.1109/IEEESTD.2010.5446004}, 
month={April},}

@article{kitchenham2004procedures,
  title={Procedures for performing systematic reviews},
  author={Kitchenham, Barbara},
  journal={Keele, UK, Keele University},
  volume={33},
  number={2004},
  pages={1--26},
  year={2004}
}

@article{kitchenham2009systematic,
  title={Systematic literature reviews in software engineering--a systematic literature review},
  author={Kitchenham, Barbara and Brereton, O Pearl and Budgen, David and Turner, Mark and Bailey, John and Linkman, Stephen},
  journal={Information and software technology},
  volume={51},
  number={1},
  pages={7--15},
  year={2009},
  publisher={Elsevier}
}

@book{koscianski2007qualidade,
  title={Qualidade de Software - 2{\textordfeminine} Edi{\c{c}}{\~a}o: Aprenda as metodologias e t{\'e}cnicas mais modernas para o desenvolvimento de software},
  author={Koscianski, A. and dos Santos Soares, M.},
  isbn={9788575221129},
  url={https://books.google.com.br/books?id=O9aWoUq6L88C},
  year={2007},
  publisher={Novatec}
}

@book{kropf2013introduction,
  title={Introduction to Formal Hardware Verification},
  author={Kropf, T.},
  isbn={9783662038093},
  url={https://books.google.com.br/books?id=7ImrCAAAQBAJ},
  year={2013},
  publisher={Springer Berlin Heidelberg}
}

@book{knoop1994partial,
  title={Partial dead code elimination},
  author={Knoop, Jens and R{\"u}thing, Oliver and Steffen, Bernhard},
  volume={29},
  number={6},
  year={1994},
  publisher={ACM}
}

@article{MafraTravassos,
  title={Estudos Primarios e Secundarios apoiando a busca por Evidencia em engenharia de Software},
  Author={Mafra, Somulo Nogueira and Travassos, Guilherme Horta},
  journal={Relatorio Tecnico, RT-ES},
  volume={687},
  number={06},
  year={2006}
}

@article{merz2012llbmc,
  title={LLBMC: Bounded model checking of C and C++ programs using a compiler IR},
  author={Merz, Florian and Falke, Stephan and Sinz, Carsten},
  journal={Verified Software: Theories, Tools, Experiments},
  pages={146--161},
  year={2012},
  publisher={Springer}
}

@inproceedings{mukherjee2016v2c,
  title={v2c--A Verilog to C Translator},
  author={Mukherjee, Rajdeep and Tautschnig, Michael and Kroening, Daniel},
  booktitle={International Conference on Tools and Algorithms for the Construction and Analysis of Systems},
  pages={580--586},
  year={2016},
  organization={Springer}
}

@inproceedings{mukherjee2016unbounded,
  title={Unbounded safety verification for hardware using software analyzers},
  author={Mukherjee, Rajdeep and Schrammel, Peter and Kroening, Daniel and Melham, Tom},
  booktitle={Proceedings of the 2016 Conference on Design, Automation \& Test in Europe},
  pages={1152--1155},
  year={2016},
  organization={EDA Consortium}
}

@article{murata1989petri,
  title={Petri nets: Properties, analysis and applications},
  author={Murata, Tadao},
  journal={Proceedings of the IEEE},
  volume={77},
  number={4},
  pages={541--580},
  year={1989},
  publisher={IEEE}
}

@book{paixao2007aprendendo,
  title={Aprendendo a raciocinar: l{\'o}gica para iniciantes},
  author={Paix{\~a}o, W.},
  isbn={9788577320523},
  url={https://books.google.com.br/books?id=YryRlQfJYHsC},
  year={2007},
  publisher={HUMANITAS}
}

@inproceedings{ramesh2012energy,
  title={Energy management in embedded systems: Towards a taxonomy},
  author={Ramesh, Umesh Balaji Kothandapani and Sentilles, Severine and Crnkovic, Ivica},
  booktitle={Proceedings of the First International Workshop on Green and Sustainable Software},
  pages={41--44},
  year={2012},
  organization={IEEE Press}
}

@article{rocha2015model,
  title={Model Checking Embedded C Software using k-Induction and Invariants (extended version)},
  author={Rocha, Herbert and Ismail, Hussama and Cordeiro, Lucas and Barreto, Raimundo},
  journal={arXiv preprint arXiv:1509.02471},
  year={2015}
}

@article{rocha2010exploiting,
  title={Exploiting safety properties in bounded model checking for test cases generation of C programs},
  author={Rocha, Herbert and Cordeiro, Lucas and Barreto, Raimundo and Netto, Jos{\'e}},
  year={2010}
}

@article{rocha2015verificaccao,
  title={Verificacao de sistemas de software baseada em transformacoes de codigo usando Bounded Model Checking},
  author={Rocha, Herbert Oliveira and others},
  year={2015},
  publisher={Universidade Federal do Amazonas}
}

@inproceedings{sargent2005verification,
  title={Verification and validation of simulation models},
  author={Sargent, Robert G},
  booktitle={Proceedings of the 37th conference on Winter simulation},
  pages={130--143},
  year={2005},
  organization={winter simulation conference}
}

@book{seger1992introduction,
  title={An introduction to formal hardware verification},
  author={Seger, Carl-Johan},
  year={1992},
  publisher={University of British Columbia, Department of Computer Science}
}

@book{sommerville2011engenharia,
  title={Engenharia de software},
  author={Sommerville, I.},
  isbn={9788579361081},
  url={https://books.google.com.br/books?id=H4u5ygAACAAJ},
  year={2011},
  publisher={PEARSON BRASIL}
}

@online{Sons,
author = {Jonh Wiley & Sons},
url = {http://onlinelibrary.wiley.com/},
year = {2018},
note = {Acessado em: 1 de março de 2018}
}

@online{Springer,
author = {Springer},
url = {https://link.springer.com/},
year = {2018},
note = {Acessado em: 1 de março de 2018}
}

@book{srikant2002compiler,
  title={The Compiler Design Handbook: Optimizations and Machine Code Generation},
  author={Srikant, Y.N. and Shankar, P.},
  isbn={9781420040579},
  lccn={2002067413},
  url={https://books.google.com.br/books?id=0K\_jIsgyNpoC},
  year={2002},
  publisher={CRC Press}
}

@article{standard2010language,
  title={Language reference manual},
  author={Standard, VHDL},
  journal={IEEE Std},
  pages={1076--2000},
  year={2000}
}

@book{souza2017logica,
  title={Lógica para Ciência da Computação},
  author={Souza, J.},
  isbn={9788535278255},
  url={https://books.google.com.br/books?id=Ds2sCQAAQBAJ},
  year={2017},
  publisher={Elsevier Brasil}
}

@inproceedings{travassos2008environment,
  title={An environment to support large scale experimentation in software engineering},
  author={Travassos, Guilherme H and dos Santos, Paulo S{\'e}rgio Medeiros and Mian, Paula Gomes and Neto, Arilo Cl{\'a}udio Dias and Biolchini, Jorge},
  booktitle={Engineering of Complex Computer Systems, 2008. ICECCS 2008. 13th IEEE International Conference on},
  pages={193--202},
  year={2008},
  organization={IEEE}
}

@book{thomas2008verilog,
  title={The Verilog{\textregistered} Hardware Description Language},
  author={Thomas, D. and Moorby, P.},
  isbn={9780387853444},
  url={https://books.google.com.br/books?id=DxQGrz7q-SwC},
  year={2008},
  publisher={Springer US}
}

@book{tocci2003sistemas,
  title={Sistemas digitais: princ{\'\i}pios e aplica{\c{c}}{\~o}es},
  author={Tocci, Ronald J and Widmer, Neal S and Moss, Gregory L},
  volume={8},
  year={2003},
  publisher={Prentice Hall}
}

@inproceedings{wong2010recent,
  title={Recent catastrophic accidents: Investigating how software was responsible},
  author={Wong, W Eric and Debroy, Vidroha and Surampudi, Adithya and Kim, HyeonJeong and Siok, Michael F},
  booktitle={Secure Software Integration and Reliability Improvement (SSIRI), 2010 Fourth International Conference on},
  pages={14--22},
  year={2010},
  organization={IEEE}
}